% This file was created with JabRef 2.10.
% Encoding: Cp1252


@InProceedings{Bachmair2000,
  Title                    = {Abstract Congruence Closure and Specializations},
  Author                   = {Leo Bachmair and
 Ashish Tiwari},
  Booktitle                = {CADE},
  Year                     = {2000},
  Pages                    = {64-78},

  Bibsource                = {DBLP, http://dblp.uni-trier.de},
  Crossref                 = {DBLP:conf/cade/2000},
  Ee                       = {http://dx.doi.org/10.1007/10721959_5},
  Owner                    = {Andreas},
  Timestamp                = {2014.04.10}
}

@InProceedings{Bar-Ilan2008,
  Title                    = {Linear-Time Reductions of Resolution Proofs},
  Author                   = {Omer Bar-Ilan and
 Oded Fuhrmann and
 Shlomo Hoory and
 Ohad Shacham and
 Ofer Strichman},
  Booktitle                = {Haifa Verification Conference},
  Year                     = {2008},
  Pages                    = {114-128},

  Bibsource                = {DBLP, http://dblp.uni-trier.de},
  Crossref                 = {DBLP:conf/hvc/2008},
  Ee                       = {http://dx.doi.org/10.1007/978-3-642-01702-5_14},
  Owner                    = {Andreas},
  Timestamp                = {2014.04.10}
}

@InProceedings{Ben-Sasson2002,
  Title                    = {Size space tradeoffs for resolution},
  Author                   = {Eli Ben-Sasson},
  Booktitle                = {STOC},
  Year                     = {2002},
  Pages                    = {457-464},

  Bibsource                = {DBLP, http://dblp.uni-trier.de},
  Crossref                 = {DBLP:conf/stoc/2002},
  Ee                       = {http://doi.acm.org/10.1145/509907.509975},
  Owner                    = {Andreas},
  Timestamp                = {2014.04.09}
}

@InProceedings{Boudou2014,
  Title                    = {Skeptik: A Proof Compression System},
  Author                   = {Joseph Boudou and
 Andreas Fellner and
 Bruno Woltzenlogel Paleo},
  Booktitle                = {IJCAR},
  Year                     = {2014},
  Pages                    = {374-380},
  Bibsource                = {DBLP, http://dblp.uni-trier.de},
  Crossref                 = {DBLP:conf/cade/2014},
  Ee                       = {http://dx.doi.org/10.1007/978-3-319-08587-6_29},
  Owner                    = {Andreas},
  Timestamp                = {2014.08.25}
}

@InProceedings{Boudou2013,
  Title                    = {Compression of Propositional Resolution Proofs by Lowering
 Subproofs},
  Author                   = {Joseph Boudou and
 Bruno Woltzenlogel Paleo},
  Booktitle                = {TABLEAUX},
  Year                     = {2013},
  Pages                    = {59-73},

  Bibsource                = {DBLP, http://dblp.uni-trier.de},
  Crossref                 = {DBLP:conf/tableaux/2013},
  Ee                       = {http://dx.doi.org/10.1007/978-3-642-40537-2_7},
  File                     = {:S\:\\Users\\Andreas\\Documents\\studium\\emcl\\GSoC\\Papers\\LUniv\\univalent.pdf:PDF},
  Owner                    = {Andreas},
  Timestamp                = {2014.04.09}
}

@InProceedings{Bouton2009,
  Title                    = {veriT: An Open, Trustable and Efficient SMT-Solver},
  Author                   = {Thomas Bouton and
 Diego Caminha B. de Oliveira and
 David D{\'e}harbe and
 Pascal Fontaine},
  Booktitle                = {CADE},
  Year                     = {2009},
  Pages                    = {151-156},

  Bibsource                = {DBLP, http://dblp.uni-trier.de},
  Crossref                 = {DBLP:conf/cade/2009},
  Ee                       = {http://dx.doi.org/10.1007/978-3-642-02959-2_12},
  Owner                    = {Andreas},
  Timestamp                = {2014.04.10}
}

@InProceedings{Cotton2010,
  Title                    = {Two Techniques for Minimizing Resolution Proofs},
  Author                   = {Scott Cotton},
  Booktitle                = {SAT},
  Year                     = {2010},
  Pages                    = {306-312},

  Bibsource                = {DBLP, http://dblp.uni-trier.de},
  Crossref                 = {DBLP:conf/sat/2010},
  Ee                       = {http://dx.doi.org/10.1007/978-3-642-14186-7_26},
  Owner                    = {Andreas},
  Timestamp                = {2014.04.10}
}

@InProceedings{EmdeBoas1979,
  Title                    = {Move Rules and Trade-Offs in the Pebble Game},
  Author                   = {Peter van Emde Boas and
 Jan van Leeuwen},
  Booktitle                = {Theoretical Computer Science},
  Year                     = {1979},
  Pages                    = {101-112},

  Bibsource                = {DBLP, http://dblp.uni-trier.de},
  Crossref                 = {DBLP:conf/tcs/1979},
  Ee                       = {http://dx.doi.org/10.1007/3-540-09118-1_12},
  Owner                    = {Andreas},
  Timestamp                = {2014.05.15}
}

@InProceedings{Fontaine2011,
  Title                    = {Compression of Propositional Resolution Proofs via Partial
 Regularization},
  Author                   = {Pascal Fontaine and
 Stephan Merz and
 Bruno Woltzenlogel Paleo},
  Booktitle                = {CADE},
  Year                     = {2011},
  Pages                    = {237-251},

  Bibsource                = {DBLP, http://dblp.uni-trier.de},
  Crossref                 = {DBLP:conf/cade/2011},
  Ee                       = {http://dx.doi.org/10.1007/978-3-642-22438-6_19},
  Owner                    = {Andreas},
  Timestamp                = {2014.04.10}
}

@InProceedings{Hetzl2012,
  Title                    = {Towards Algorithmic Cut-Introduction},
  Author                   = {Stefan Hetzl and
 Alexander Leitsch and
 Daniel Weller},
  Booktitle                = {LPAR},
  Year                     = {2012},
  Pages                    = {228-242},

  Bibsource                = {DBLP, http://dblp.uni-trier.de},
  Crossref                 = {DBLP:conf/lpar/2012},
  Ee                       = {http://dx.doi.org/10.1007/978-3-642-28717-6_19},
  Owner                    = {Andreas},
  Timestamp                = {2014.04.10}
}

@InProceedings{Heule2013,
  Title                    = {Trimming while checking clausal proofs},
  Author                   = {Marijn Heule and
 Warren A. Hunt Jr. and
 Nathan Wetzler},
  Booktitle                = {FMCAD},
  Year                     = {2013},
  Pages                    = {181-188},

  Bibsource                = {DBLP, http://dblp.uni-trier.de},
  Crossref                 = {DBLP:conf/fmcad/2013},
  Ee                       = {http://ieeexplore.ieee.org/xpl/freeabs_all.jsp?arnumber=6679408},
  Owner                    = {Andreas},
  Timestamp                = {2014.04.10}
}

@InProceedings{McMill2005,
  Title                    = {Applications of Craig Interpolants in Model Checking},
  Author                   = {Kenneth L. McMillan},
  Booktitle                = {TACAS},
  Year                     = {2005},
  Pages                    = {1-12},

  Bibsource                = {DBLP, http://dblp.uni-trier.de},
  Crossref                 = {DBLP:conf/tacas/2005},
  Ee                       = {http://dx.doi.org/10.1007/978-3-540-31980-1_1},
  File                     = {:literature\\Applications_of_Craig_Interpolants_in_Model_Checking.pdf:PDF},
  Owner                    = {Andreas},
  Timestamp                = {2014.04.09}
}

@InProceedings{Nieuwenhuis2005,
  Title                    = {Proof-Producing Congruence Closure},
  Author                   = {Robert Nieuwenhuis and
 Albert Oliveras},
  Booktitle                = {RTA},
  Year                     = {2005},
  Pages                    = {453-468},

  Bibsource                = {DBLP, http://dblp.uni-trier.de},
  Crossref                 = {DBLP:conf/rta/2005},
  Ee                       = {http://dx.doi.org/10.1007/978-3-540-32033-3_33},
  Owner                    = {Andreas},
  Timestamp                = {2014.04.10}
}

@InProceedings{Pippenger1980,
  Title                    = {Comparative Schematology and Pebbling with Auxiliary Pushdowns
 (Preliminary Version)},
  Author                   = {Nicholas Pippenger},
  Booktitle                = {STOC},
  Year                     = {1980},
  Pages                    = {351-356},

  Bibsource                = {DBLP, http://dblp.uni-trier.de},
  Crossref                 = {DBLP:conf/stoc/STOC12},
  Ee                       = {http://doi.acm.org/10.1145/800141.804684},
  Owner                    = {Andreas},
  Timestamp                = {2014.05.15}
}

@InProceedings{Wetzler2014,
  Title                    = {DRAT-trim: Efficient Checking and Trimming Using Expressive
 Clausal Proofs},
  Author                   = {Nathan Wetzler and
 Marijn Heule and
 Warren A. Hunt Jr.},
  Booktitle                = {SAT},
  Year                     = {2014},
  Pages                    = {422-429},

  Bibsource                = {DBLP, http://dblp.uni-trier.de},
  Crossref                 = {DBLP:conf/sat/2014},
  Ee                       = {http://dx.doi.org/10.1007/978-3-319-09284-3_31},
  Owner                    = {Andreas},
  Timestamp                = {2014.08.20}
}

@Book{Arora2009,
  Title                    = {Computational Complexity - A Modern Approach},
  Author                   = {Sanjeev Arora and
 Boaz Barak},
  Publisher                = {Cambridge University Press},
  Year                     = {2009},

  Bibsource                = {DBLP, http://dblp.uni-trier.de},
  Ee                       = {http://www.cambridge.org/catalogue/catalogue.asp?isbn=9780521424264},
  File                     = {:S\:\\Users\\Andreas\\Documents\\studium\\general_literature\\computational_complexity-modern_approach.pdf:PDF},
  ISBN                     = {978-0-521-42426-4},
  Owner                    = {Andreas},
  Pages                    = {I-XXIV, 1-579},
  Timestamp                = {2014.04.09}
}

@Book{Baader1998,
  Title                    = {Term rewriting and all that},
  Author                   = {Franz Baader and
 Tobias Nipkow},
  Publisher                = {Cambridge University Press},
  Year                     = {1998},

  Bibsource                = {DBLP, http://dblp.uni-trier.de},
  ISBN                     = {978-0-521-45520-6},
  Owner                    = {Andreas},
  Pages                    = {I-XII, 1-301},
  Timestamp                = {2014.08.11}
}

@Article{Barendregt1997,
  Title                    = {The impact of the lambda calculus in logic and computer science},
  Author                   = {Barendregt, Henk},
  Journal                  = {Bulletin of Symbolic Logic},
  Year                     = {1997},
  Number                   = {02},
  Pages                    = {181--215},
  Volume                   = {3},

  Owner                    = {Andreas},
  Publisher                = {Cambridge Univ Press},
  Timestamp                = {2014.06.18},
  Url                      = {http://journals.cambridge.org/abstract_S1079898600007599}
}

@InCollection{BarrettFontaineMouraAPPA,
  Title                    = {Proofs in Satisfiability Modulo Theories},
  Author                   = {Clark Barrett and
 Pascal Fontaine and
 de Moura, Leonardo},
  Booktitle                = {All about Proofs, Proofs for All},
  Publisher                = {College Publications},
  Year                     = {to appear in 2015},
  Editor                   = {Woltzenlogel Paleo, Bruno and Delahaye, David},

  Comment                  = {to appear},
  Keywords                 = {Automated Deduction, Proof Theory},
  Owner                    = {afellner},
  Timestamp                = {2014.09.29}
}

@Article{Beame1998a,
  Title                    = {Propositional Proof Complexity: Past, Present and Future},
  Author                   = {Paul Beame and
 Toniann Pitassi},
  Journal                  = {Bulletin of the EATCS},
  Year                     = {1998},
  Pages                    = {66-89},
  Volume                   = {65},

  Bibsource                = {DBLP, http://dblp.uni-trier.de},
  File                     = {:literature\\Propositional_Proof_Complexity_Past_Present_Future.pdf:PDF},
  Owner                    = {Andreas},
  Timestamp                = {2014.04.09}
}

@TechReport{Bellman1956,
  Title                    = {On a routing problem},
  Author                   = {Bellman, Richard},
  Institution              = {DTIC Document},
  Year                     = {1956},

  Owner                    = {Andreas},
  Timestamp                = {2014.07.26},
  Url                      = {http://oai.dtic.mil/oai/oai?verb=getRecord&amp;metadataPrefix=html&amp;identifier=AD0606258}
}

@Article{Ben-Sasson2009,
  Title                    = {Short Proofs May Be Spacious: An Optimal Separation of Space
 and Length in Resolution},
  Author                   = {Eli Ben-Sasson and
 Jakob Nordstr{\"o}m},
  Journal                  = {Electronic Colloquium on Computational Complexity (ECCC)},
  Year                     = {2009},
  Pages                    = {2},
  Volume                   = {16},

  Bibsource                = {DBLP, http://dblp.uni-trier.de},
  Ee                       = {http://eccc.hpi-web.de/report/2009/002},
  Owner                    = {Andreas},
  Timestamp                = {2014.05.15}
}

@Article{Biere2008,
  Title                    = {PicoSAT Essentials},
  Author                   = {Armin Biere},
  Journal                  = {JSAT},
  Year                     = {2008},
  Number                   = {2-4},
  Pages                    = {75-97},
  Volume                   = {4},

  Bibsource                = {DBLP, http://dblp.uni-trier.de},
  Ee                       = {http://jsat.ewi.tudelft.nl/content/volume4/JSAT4_5_Biere.pdf},
  Owner                    = {Andreas},
  Timestamp                = {2014.05.15}
}

@Misc{tracecheck,
  Title                    = {TraceCheck resolution proof format},

  Author                   = {Biere, Armin},
  Year                     = {2006},

  Owner                    = {Andreas},
  Timestamp                = {2014.05.15},
  Url                      = {http://fmv.jku.at/tracecheck/README.tracecheck}
}

@InCollection{BiereHeuleAPPA,
  Title                    = {Satisfiability Solvers},
  Author                   = {Armin Biere and
 Marijn Heule},
  Booktitle                = {All about Proofs, Proofs for All},
  Publisher                = {College Publications},
  Year                     = {to appear in 2015},
  Editor                   = {Woltzenlogel Paleo, Bruno and Delahaye, David},

  Keywords                 = {Automated Deduction, Proof Theory},
  Owner                    = {afellner},
  Timestamp                = {2014.09.29}
}

@Unpublished{Bloem,
  Title                    = {Reduction of Resolution Refutations and Interpolants via Subsumption},
  Author                   = {Bloem, Roderick and Malik, Sharad and Schlaipfer, Matthias and Weissenbacher, Georg},

  File                     = {:S$\backslash$:/Users/Andreas/Documents/studium/emcl/Wien/Thesis/literature/Reduction\_of\_Resolution\_Refutations.pdf:pdf},
  Mendeley-groups          = {Proof compression}
}

@Article{Bruscoli2009,
  Title                    = {On the proof complexity of deep inference},
  Author                   = {Paola Bruscoli and
 Alessio Guglielmi},
  Journal                  = {ACM Trans. Comput. Log.},
  Year                     = {2009},
  Number                   = {2},
  Volume                   = {10},

  Bibsource                = {DBLP, http://dblp.uni-trier.de},
  Ee                       = {http://doi.acm.org/10.1145/1462179.1462186},
  Owner                    = {Andreas},
  Timestamp                = {2014.08.20}
}

@Article{Chan2013,
  Title                    = {Pebble Games and Complexity},
  Author                   = {Chan, Siu Man},
  Year                     = {2013},

  Owner                    = {Andreas},
  Timestamp                = {2014.05.15}
}

@Article{Cherkassky1996,
  Title                    = {Shortest paths algorithms: Theory and experimental evaluation},
  Author                   = {Boris V. Cherkassky and
 Andrew V. Goldberg and
 Tomasz Radzik},
  Journal                  = {Math. Program.},
  Year                     = {1996},
  Pages                    = {129-174},
  Volume                   = {73},

  Bibsource                = {DBLP, http://dblp.uni-trier.de},
  Ee                       = {http://dx.doi.org/10.1007/BF02592101},
  Owner                    = {Andreas},
  Timestamp                = {2014.07.26}
}

@Article{Church1936,
  Title                    = {An unsolvable problem of elementary number theory},
  Author                   = {Church, Alonzo},
  Journal                  = {American journal of mathematics},
  Year                     = {1936},
  Pages                    = {345--363},

  Owner                    = {Andreas},
  Publisher                = {JSTOR},
  Timestamp                = {2014.06.18},
  Url                      = {http://www.jstor.org/stable/2371045}
}

@Article{Cook1979,
  Title                    = {The Relative Efficiency of Propositional Proof Systems},
  Author                   = {Stephen A. Cook and
 Robert A. Reckhow},
  Journal                  = {J. Symb. Log.},
  Year                     = {1979},
  Number                   = {1},
  Pages                    = {36-50},
  Volume                   = {44},

  Bibsource                = {DBLP, http://dblp.uni-trier.de},
  File                     = {:literature\\cook_reckhow.pdf:PDF},
  Owner                    = {Andreas},
  Timestamp                = {2014.04.09}
}

@Book{Cormen1989,
  Title                    = {Introduction to Algorithms},
  Author                   = {Thomas H. Cormen and
 Charles E. Leiserson and
 Ronald L. Rivest},
  Publisher                = {The MIT Press and McGraw-Hill Book Company},
  Year                     = {1989},

  Bibsource                = {DBLP, http://dblp.uni-trier.de},
  ISBN                     = {0-262-03141-8, 0-07-013143-0},
  Owner                    = {Andreas},
  Timestamp                = {2014.04.10}
}

@Book{Curry1958,
  Title                    = {Combinatory Logic},
  Author                   = {Haskell B. Curry},
  Publisher                = {Amsterdam, North-Holland Pub. Co.},
  Year                     = {1958},

  Abstract                 = {CHAPTER Addenda to Pure Combinatory Logic This chapter will treat various 
additions to, and modifications of, the subject matter of Chapters-7. ...}
}

@Article{Dijkstra1959,
  Title                    = {A note on two problems in connexion with graphs},
  Author                   = {Dijkstra, Edsger W},
  Journal                  = {Numerische mathematik},
  Year                     = {1959},
  Number                   = {1},
  Pages                    = {269--271},
  Volume                   = {1},

  File                     = {:literature\\Dijkstra.pdf:PDF},
  Owner                    = {Andreas},
  Publisher                = {Springer},
  Timestamp                = {2014.04.09},
  Url                      = {http://www.springerlink.com/index/uu8608u0u27k7256.pdf}
}

@Article{Downey1980,
  Title                    = {Variations on the Common Subexpression Problem},
  Author                   = {Peter J. Downey and
 Ravi Sethi and
 Robert Endre Tarjan},
  Journal                  = {J. ACM},
  Year                     = {1980},
  Number                   = {4},
  Pages                    = {758-771},
  Volume                   = {27},

  Bibsource                = {DBLP, http://dblp.uni-trier.de},
  Ee                       = {http://doi.acm.org/10.1145/322217.322228},
  Owner                    = {Andreas},
  Timestamp                = {2014.04.10}
}

@Article{Esteban2001,
  Title                    = {Space Bounds for Resolution},
  Author                   = {Juan Luis Esteban and
 Jacobo Tor{\'a}n},
  Journal                  = {Inf. Comput.},
  Year                     = {2001},
  Number                   = {1},
  Pages                    = {84-97},
  Volume                   = {171},

  Bibsource                = {DBLP, http://dblp.uni-trier.de},
  Ee                       = {http://dx.doi.org/10.1006/inco.2001.2921},
  Owner                    = {Andreas},
  Timestamp                = {2014.04.09}
}

@PhdThesis{Fontaine2004,
  Title                    = {Techniques for verification of concurrent systems with invariants},
  Author                   = {Fontaine, Pascal},
  School                   = {PhD thesis, Institut Montefiore, Universit{\'e} de Liege, Belgium},
  Year                     = {2004},

  Owner                    = {Andreas},
  Timestamp                = {2014.04.10}
}

@Article{Ford1956,
  Title                    = {Network Flow Theory.},
  Author                   = {Ford, Lester Randolph},
  Year                     = {1956},

  Owner                    = {Andreas},
  Publisher                = {Rand Corporation},
  Timestamp                = {2014.07.26}
}

@Article{Gilbert1980,
  Title                    = {The Pebbling Problem is Complete in Polynomial Space},
  Author                   = {John R. Gilbert and
 Thomas Lengauer and
 Robert Endre Tarjan},
  Journal                  = {SIAM J. Comput.},
  Year                     = {1980},
  Number                   = {3},
  Pages                    = {513-524},
  Volume                   = {9},

  Bibsource                = {DBLP, http://dblp.uni-trier.de},
  Ee                       = {http://dx.doi.org/10.1137/0209038},
  Owner                    = {Andreas},
  Timestamp                = {2014.05.15}
}

@Article{Hertel2007,
  Title                    = {Black-White Pebbling is PSPACE-Complete},
  Author                   = {Philipp Hertel and
 Toniann Pitassi},
  Journal                  = {Electronic Colloquium on Computational Complexity (ECCC)},
  Year                     = {2007},
  Number                   = {044},
  Volume                   = {14},

  Bibsource                = {DBLP, http://dblp.uni-trier.de},
  Ee                       = {http://eccc.hpi-web.de/eccc-reports/2007/TR07-044/index.html},
  Owner                    = {Andreas},
  Timestamp                = {2014.05.15}
}

@Misc{bdrup,
  Title                    = {BDRUP proof format},

  Author                   = {Heule, Marijn},
  Year                     = {2013},

  Owner                    = {Andreas},
  Timestamp                = {2014.05.15},
  Url                      = {\\ www.satcompetition.org/2013/certunsat.shtml}
}

@Misc{drup,
  Title                    = {DRUP proof format},

  Author                   = {Heule, Marijn},
  Year                     = {2007},

  Owner                    = {Andreas},
  Timestamp                = {2014.05.15},
  Url                      = {www.cs.utexas.edu/\~{}marijn/drup/}
}

@Article{Hofferek2013,
  Title                    = {Synthesizing Multiple Boolean Functions using Interpolation
 on a Single Proof},
  Author                   = {Georg Hofferek and
 Ashutosh Gupta and
 Bettina K{\"o}nighofer and
 Jie-Hong Roland Jiang and
 Roderick Bloem},
  Journal                  = {CoRR},
  Year                     = {2013},
  Volume                   = {abs/1308.4767},

  Bibsource                = {DBLP, http://dblp.uni-trier.de},
  Ee                       = {http://arxiv.org/abs/1308.4767},
  File                     = {:literature\\Synthesizing_multiple_boolean_functions.pdf:PDF},
  Owner                    = {Andreas},
  Timestamp                = {2014.04.09}
}

@Article{Hopcroft1977,
  Title                    = {On Time Versus Space},
  Author                   = {John E. Hopcroft and
 Wolfgang J. Paul and
 Leslie G. Valiant},
  Journal                  = {J. ACM},
  Year                     = {1977},
  Number                   = {2},
  Pages                    = {332-337},
  Volume                   = {24},

  Bibsource                = {DBLP, http://dblp.uni-trier.de},
  Ee                       = {http://doi.acm.org/10.1145/322003.322015},
  Owner                    = {Andreas},
  Timestamp                = {2014.04.09}
}

@Article{Kasai1979,
  Title                    = {Classes of Pebble Games and Complete Problems},
  Author                   = {Takumi Kasai and
 Akeo Adachi and
 Shigeki Iwata},
  Journal                  = {SIAM J. Comput.},
  Year                     = {1979},
  Number                   = {4},
  Pages                    = {574-586},
  Volume                   = {8},

  Bibsource                = {DBLP, http://dblp.uni-trier.de},
  Ee                       = {http://dx.doi.org/10.1137/0208046},
  Owner                    = {Andreas},
  Timestamp                = {2014.05.15}
}

@Article{Konev2014,
  Title                    = {A SAT Attack on the Erdos Discrepancy Conjecture},
  Author                   = {Boris Konev and
 Alexei Lisitsa},
  Journal                  = {CoRR},
  Year                     = {2014},
  Volume                   = {abs/1402.2184},

  Bibsource                = {DBLP, http://dblp.uni-trier.de},
  Ee                       = {http://arxiv.org/abs/1402.2184},
  File                     = {:literature\\SAT_Attack_on_the_Erdos_Discrepancy_Conjecture.pdf:PDF},
  Owner                    = {Andreas},
  Timestamp                = {2014.04.09}
}

@Book{Leitsch1997,
  Title                    = {The resolution calculus},
  Author                   = {Alexander Leitsch},
  Publisher                = {Springer},
  Year                     = {1997},
  Series                   = {Texts in theoretical computer science},

  Bibsource                = {DBLP, http://dblp.uni-trier.de},
  ISBN                     = {978-3-540-61882-9},
  Owner                    = {Andreas},
  Pages                    = {I-VIII, 1-300},
  Timestamp                = {2014.08.20}
}

@Article{Nelson1980,
  Title                    = {Fast Decision Procedures Based on Congruence Closure},
  Author                   = {Greg Nelson and
 Derek C. Oppen},
  Journal                  = {J. ACM},
  Year                     = {1980},
  Number                   = {2},
  Pages                    = {356-364},
  Volume                   = {27},

  Bibsource                = {DBLP, http://dblp.uni-trier.de},
  Ee                       = {http://doi.acm.org/10.1145/322186.322198},
  Owner                    = {Andreas},
  Timestamp                = {2014.04.10}
}

@Article{Nieuwenhuis2007,
  Title                    = {Fast congruence closure and extensions},
  Author                   = {Robert Nieuwenhuis and
 Albert Oliveras},
  Journal                  = {Inf. Comput.},
  Year                     = {2007},
  Number                   = {4},
  Pages                    = {557-580},
  Volume                   = {205},

  Bibsource                = {DBLP, http://dblp.uni-trier.de},
  Ee                       = {http://dx.doi.org/10.1016/j.ic.2006.08.009},
  Owner                    = {Andreas},
  Timestamp                = {2014.04.10}
}

@Article{Nieuwenhuis2001,
  Title                    = {Paramodulation-Based Theorem Proving.},
  Author                   = {Nieuwenhuis, Robert and Rubio, Albert},
  Journal                  = {Handbook of automated reasoning},
  Year                     = {2001},
  Pages                    = {371--443},
  Volume                   = {1},

  Owner                    = {Andreas},
  Timestamp                = {2014.08.11},
  Url                      = {http://books.google.com/books?hl=en&amp;lr=&amp;id=HxaWA4lep_kC&amp;oi=fnd&amp;pg=PA371&amp;dq=Paramodulation-Based+Theorem+Proving&amp;ots=SLRIHvb-Hj&amp;sig=Sz-NPYpOoBbfGs2RpzsnvRJxw9k}
}

@Article{Nordstroem2013,
  Title                    = {Pebble Games, Proof Complexity, and Time-Space Trade-offs},
  Author                   = {Jakob Nordstr{\"o}m},
  Journal                  = {Logical Methods in Computer Science},
  Year                     = {2013},
  Number                   = {3},
  Volume                   = {9},

  Bibsource                = {DBLP, http://dblp.uni-trier.de},
  Ee                       = {http://dx.doi.org/10.2168/LMCS-9(3:15)2013, http://arxiv.org/abs/1307.3913},
  Owner                    = {Andreas},
  Timestamp                = {2014.04.09}
}

@Article{Nordstroem2009,
  Title                    = {Narrow Proofs May Be Spacious: Separating Space and Width
 in Resolution},
  Author                   = {Jakob Nordstr{\"o}m},
  Journal                  = {SIAM J. Comput.},
  Year                     = {2009},
  Number                   = {1},
  Pages                    = {59-121},
  Volume                   = {39},

  Bibsource                = {DBLP, http://dblp.uni-trier.de},
  Ee                       = {http://dx.doi.org/10.1137/060668250},
  Owner                    = {Andreas},
  Timestamp                = {2014.05.15}
}

@Book{Pippenger1982,
  Title                    = {Advances in pebbling},
  Author                   = {Pippenger, Nicholas},
  Publisher                = {Springer},
  Year                     = {1982},

  Owner                    = {Andreas},
  Timestamp                = {2014.05.15}
}

@Article{Robinson1969,
  Title                    = {Paramodulation and theorem-proving in first-order theories with equality},
  Author                   = {Robinson, George and Wos, Larry},
  Journal                  = {Machine intelligence},
  Year                     = {1969},
  Pages                    = {135--150},
  Volume                   = {4},

  Owner                    = {Andreas},
  Timestamp                = {2014.08.11}
}

@Article{Robinson1965,
  Title                    = {A Machine-Oriented Logic Based on the Resolution Principle},
  Author                   = {John Alan Robinson},
  Journal                  = {J. ACM},
  Year                     = {1965},
  Number                   = {1},
  Pages                    = {23-41},
  Volume                   = {12},

  Bibsource                = {DBLP, http://dblp.uni-trier.de},
  Ee                       = {http://doi.acm.org/10.1145/321250.321253},
  Owner                    = {Andreas},
  Timestamp                = {2014.08.20}
}

@Article{Schoenfinkel1924,
  Title                    = {{\"U}ber die Bausteine der mathematischen Logik},
  Author                   = {Sch{\"o}nfinkel, Moses},
  Journal                  = {Mathematische Annalen},
  Year                     = {1924},
  Number                   = {3},
  Pages                    = {305--316},
  Volume                   = {92},

  Owner                    = {Andreas},
  Publisher                = {Springer},
  Timestamp                = {2014.06.18},
  Url                      = {http://www.springerlink.com/index/t01075011264241v.pdf}
}

@Article{Sethi1975,
  Title                    = {Complete Register Allocation Problems},
  Author                   = {Ravi Sethi},
  Journal                  = {SIAM J. Comput.},
  Year                     = {1975},
  Number                   = {3},
  Pages                    = {226-248},
  Volume                   = {4},

  Bibsource                = {DBLP, http://dblp.uni-trier.de},
  Ee                       = {http://dx.doi.org/10.1137/0204020},
  Owner                    = {Andreas},
  Timestamp                = {2014.04.09}
}

@Article{Shostak1978,
  Title                    = {An Algorithm for Reasoning About Equality},
  Author                   = {Robert E. Shostak},
  Journal                  = {Commun. ACM},
  Year                     = {1978},
  Number                   = {7},
  Pages                    = {583-585},
  Volume                   = {21},

  Bibsource                = {DBLP, http://dblp.uni-trier.de},
  Ee                       = {http://doi.acm.org/10.1145/359545.359570},
  Owner                    = {Andreas},
  Timestamp                = {2014.04.10}
}

@Article{Thorup1999,
  Title                    = {Undirected Single-Source Shortest Paths with Positive Integer
 Weights in Linear Time},
  Author                   = {Mikkel Thorup},
  Journal                  = {J. ACM},
  Year                     = {1999},
  Number                   = {3},
  Pages                    = {362-394},
  Volume                   = {46},

  Bibsource                = {DBLP, http://dblp.uni-trier.de},
  Ee                       = {http://doi.acm.org/10.1145/316542.316548},
  Owner                    = {Andreas},
  Timestamp                = {2014.07.26}
}

@Unpublished{Tiwari,
  Title                    = {Analyzing selected Network Optimization problems under the color cost metric},
  Author                   = {Tiwari, Ashish},

  File                     = {:S$\backslash$:/Users/Andreas/Documents/studium/emcl/Wien/Thesis/literature/Graph-color-minimizations.pdf:pdf},
  Mendeley-groups          = {Congruence},
  Pages                    = {1--14}
}

@Article{Walker1973,
  Title                    = {Characterizations of Flowchartable Recursions},
  Author                   = {S. A. Walker and
 H. Raymond Strong},
  Journal                  = {J. Comput. Syst. Sci.},
  Year                     = {1973},
  Number                   = {4},
  Pages                    = {404-447},
  Volume                   = {7},

  Bibsource                = {DBLP, http://dblp.uni-trier.de},
  Ee                       = {http://dx.doi.org/10.1016/S0022-0000(73)80032-7},
  Owner                    = {Andreas},
  Timestamp                = {2014.05.15}
}

@InCollection{raey,
  Title                    = {DRAT-trim: Efficient Checking and Trimming Using Expressive Clausal Proofs},
  Author                   = {Wetzler, Nathan and Heule, MarijnJ.H. and Hunt, WarrenA., Jr.},
  Booktitle                = {Theory and Applications of Satisfiability Testing – SAT 2014},
  Publisher                = {Springer International Publishing},
  Year                     = {2014},
  Editor                   = {Sinz, Carsten and Egly, Uwe},
  Pages                    = {422-429},
  Series                   = {Lecture Notes in Computer Science},
  Volume                   = {8561},

  ISBN                     = {978-3-319-09283-6},
  Language                 = {English},
  Owner                    = {afellner},
  Timestamp                = {2014.09.29}
}

@Book{APPA,
  Title                    = {All about Proofs, Proofs for All},
  Author                   = {Woltzenlogel Paleo, Bruno and Delahaye, David},
  Publisher                = {College Publications},
  Year                     = {to appear in 2015},

  Owner                    = {afellner},
  Timestamp                = {2014.09.29}
}

@Proceedings{Biere2009,
  Title                    = {Handbook of Satisfiability},
  Year                     = {2009},
  Editor                   = {Armin Biere and
 Marijn Heule and
 Hans van Maaren and
 Toby Walsh},
  Publisher                = {IOS Press},
  Series                   = {Frontiers in Artificial Intelligence and Applications},
  Volume                   = {185},

  Bibsource                = {DBLP, http://dblp.uni-trier.de},
  Booktitle                = {Handbook of Satisfiability},
  File                     = {:S\:\\Users\\Andreas\\Documents\\studium\\general_literature\\Handbook_of_Satisfiability.pdf:PDF},
  ISBN                     = {978-1-58603-929-5},
  Owner                    = {Andreas},
  Timestamp                = {2014.04.09}
}

@Article{zbMATH06419295,
    Author = {Cezary {Kaliszyk} and Josef {Urban}},
    Title = {{HOL(y)Hammer: online ATP service for HOL Light.}},
    FJournal = {{Mathematics in Computer Science}},
    Journal = {{Math. Comput. Sci.}},
    ISSN = {1661-8270; 1661-8289/e},
    Volume = {9},
    Number = {1},
    Pages = {5--22},
    Year = {2015},
    Publisher = {Springer (Birkh\"auser), Basel},
    Language = {English},
    DOI = {10.1007/s11786-014-0182-0},
    MSC2010 = {68T15 68T05 68T20 68T35},
    Zbl = {1322.68177}
}

@proceedings{PxTP2013,
  editor    = {Jasmin Christian Blanchette and
               Josef Urban},
  title     = {Third International Workshop on Proof Exchange for Theorem Proving,
               PxTP 2013, Lake Placid, NY, USA, June 9-10, 2013},
  series    = {EPiC Series},
  volume    = {14},
  publisher = {EasyChair},
  year      = {2013},
  %url       = {http://www.easychair.org/publications/?page=771427785},
  timestamp = {Fri, 29 Nov 2013 18:19:46 +0100},
  biburl    = {http://dblp.uni-trier.de/rec/bib/conf/cade/2013pxtp},
  bibsource = {dblp computer science bibliography, http://dblp.org}
}

@proceedings{PxTP2015,
  editor    = {Cezary Kaliszyk and
               Andrei Paskevich},
  title     = {Proceedings Fourth Workshop on Proof eXchange for Theorem Proving,
               PxTP 2015, Berlin, Germany, August 2-3, 2015},
  series    = {{EPTCS}},
  volume    = {186},
  year      = {2015},
  url       = {http://dx.doi.org/10.4204/EPTCS.186},
  doi       = {10.4204/EPTCS.186},
  timestamp = {Thu, 03 Sep 2015 11:46:50 +0200},
  biburl    = {http://dblp.uni-trier.de/rec/bib/journals/corr/KaliszykP15},
  bibsource = {dblp computer science bibliography, http://dblp.org}
}

@article{paulson2010three,
  title={Three years of experience with Sledgehammer, a practical link between automatic and interactive theorem provers},
  author={Paulson, Lawrence C and Blanchette, Jasmin Christian},
  journal={IWIL-2010},
  year={2010},
  publisher={Citeseer}
}

@inproceedings{brummayer2009fuzzing,
  title={Fuzzing and delta-debugging SMT solvers},
  author={Brummayer, Robert and Biere, Armin},
  booktitle={Proceedings of the 7th International Workshop on Satisfiability Modulo Theories},
  pages={1--5},
  year={2009},
  organization={ACM}
}

@incollection{brummayer2010automated,
  title={Automated testing and debugging of SAT and QBF solvers},
  author={Brummayer, Robert and Lonsing, Florian and Biere, Armin},
  booktitle={Theory and Applications of Satisfiability Testing--SAT 2010},
  pages={44--57},
  year={2010},
  publisher={Springer}
}

@inproceedings{GAPT,
  author    = {Cvetan Dunchev and
               Alexander Leitsch and
               Tomer Libal and
               Martin Riener and
               Mikheil Rukhaia and
               Daniel Weller and
               Bruno {Woltzenlogel Paleo}},
  title     = {ProofTool: a GUI for the GAPT Framework},
  booktitle = {UITP},
  year      = {2013},
  pages     = {1-14},
  ee        = {http://dx.doi.org/10.4204/EPTCS.118.1},
  bibsource = {DBLP, http://dblp.uni-trier.de}
}

@inproceedings{DBLP:conf/sat/Gupta12,
  author    = {Ashutosh Gupta},
  title     = {Improved Single Pass Algorithms for Resolution Proof Reduction - (Poster
               Presentation)},
  booktitle = {Theory and Applications of Satisfiability Testing - {SAT} 2012 - 15th
               International Conference, Trento, Italy, June 17-20, 2012. Proceedings},
  pages     = {469--470},
  year      = {2012},
  crossref  = {DBLP:conf/sat/2012},
  url       = {http://dx.doi.org/10.1007/978-3-642-31612-8_39},
  doi       = {10.1007/978-3-642-31612-8_39},
  timestamp = {Mon, 18 Jun 2012 12:30:05 +0200},
  biburl    = {http://dblp.uni-trier.de/rec/bib/conf/sat/Gupta12},
  bibsource = {dblp computer science bibliography, http://dblp.org}
}

@inproceedings{DBLP:conf/cade/GorznyP15,
  author    = {Jan Gorzny and
               Bruno Woltzenlogel Paleo},
  title     = {Towards the Compression of First-Order Resolution Proofs by Lowering
               Unit Clauses},
  booktitle = {Automated Deduction - {CADE-25} - 25th International Conference on
               Automated Deduction, Berlin, Germany, August 1-7, 2015, Proceedings},
  pages     = {356--366},
  year      = {2015},
  crossref  = {DBLP:conf/cade/2015},
  url       = {http://dx.doi.org/10.1007/978-3-319-21401-6_24},
  doi       = {10.1007/978-3-319-21401-6_24},
  timestamp = {Fri, 31 Jul 2015 13:18:27 +0200},
  biburl    = {http://dblp.uni-trier.de/rec/bib/conf/cade/GorznyP15},
  bibsource = {dblp computer science bibliography, http://dblp.org}
}

@inproceedings{DBLP:conf/tableaux/BoudouP13,
  author    = {Joseph Boudou and
               Bruno Woltzenlogel Paleo},
  title     = {Compression of Propositional Resolution Proofs by Lowering Subproofs},
  booktitle = {Automated Reasoning with Analytic Tableaux and Related Methods - 22th
               International Conference, {TABLEAUX} 2013, Nancy, France, September
               16-19, 2013. Proceedings},
  pages     = {59--73},
  year      = {2013},
  crossref  = {DBLP:conf/tableaux/2013},
  url       = {http://dx.doi.org/10.1007/978-3-642-40537-2_7},
  doi       = {10.1007/978-3-642-40537-2_7},
  timestamp = {Fri, 13 Sep 2013 12:45:11 +0200},
  biburl    = {http://dblp.uni-trier.de/rec/bib/conf/tableaux/BoudouP13},
  bibsource = {dblp computer science bibliography, http://dblp.org}
}

@inproceedings{cotton2010two,
  title={Two techniques for minimizing resolution proofs},
  author={Cotton, Scott},
  booktitle={International Conference on Theory and Applications of Satisfiability Testing},
  pages={306--312},
  year={2010},
  organization={Springer}
}

@inproceedings{DBLP:conf/hvc/BloemMSW14,
  author    = {Roderick Bloem and
               Sharad Malik and
               Matthias Schlaipfer and
               Georg Weissenbacher},
  title     = {Reduction of Resolution Refutations and Interpolants via Subsumption},
  booktitle = {Hardware and Software: Verification and Testing - 10th International
               Haifa Verification Conference, {HVC} 2014, Haifa, Israel, November
               18-20, 2014. Proceedings},
  pages     = {188--203},
  year      = {2014},
  crossref  = {DBLP:conf/hvc/2014},
  url       = {http://dx.doi.org/10.1007/978-3-319-13338-6_15},
  doi       = {10.1007/978-3-319-13338-6_15},
  timestamp = {Mon, 03 Nov 2014 14:03:59 +0100},
  biburl    = {http://dblp.uni-trier.de/rec/bib/conf/hvc/BloemMSW14},
  bibsource = {dblp computer science bibliography, http://dblp.org}
}

@inproceedings{BrunoLPAR,
  author    = {Bruno Woltzenlogel Paleo},
  title     = {Atomic Cut Introduction by Resolution: Proof Structuring and Compression},
  booktitle = {Logic for Programming, Artificial Intelligence, and Reasoning - 16th
               International Conference, LPAR-16, Dakar, Senegal, April 25-May 1,
               2010, Revised Selected Papers},
  pages     = {463--480},
  year      = {2010},
  crossref  = {DBLP:conf/lpar/2010d},
  url       = {http://dx.doi.org/10.1007/978-3-642-17511-4_26},
  doi       = {10.1007/978-3-642-17511-4_26},
  timestamp = {Thu, 23 Dec 2010 12:42:49 +0100},
  biburl    = {http://dblp.uni-trier.de/rec/bib/conf/lpar/Paleo10},
  bibsource = {dblp computer science bibliography, http://dblp.org}
}

@article{Hetzl,
  author    = {Stefan Hetzl and
               Alexander Leitsch and
               Giselle Reis and
               Daniel Weller},
  title     = {Algorithmic introduction of quantified cuts},
  journal   = {Theor. Comput. Sci.},
  volume    = {549},
  pages     = {1--16},
  year      = {2014},
  url       = {http://dx.doi.org/10.1016/j.tcs.2014.05.018},
  doi       = {10.1016/j.tcs.2014.05.018},
  timestamp = {Wed, 06 Apr 4457927 14:58:40 +},
  biburl    = {http://dblp.uni-trier.de/rec/bib/journals/tcs/HetzlLRW14},
  bibsource = {dblp computer science bibliography, http://dblp.org}
}

@book{B12,
    Title = {Herbrand Sequent Extraction [M.Sc. Thesis]},
    Year = {2008},
    Author = {Bruno Woltzenlogel Paleo},
    Keywords = {Bruno,S},
    Publisher = {VDM-Verlag},
    Address = {Saarbrücken, Germany},
    isbn = {978-3-8364-6152-8} }

@editedbook{B51, 
  title = {All about Proofs, Proofs for All},   
  year = {2015}, 
  month = {January}, 
  editor = {Delahaye, David and Woltzenlogel Paleo, Bruno}, 
  keywords = {Bruno},
  publisher = {College Publications}, 
  address = {London, UK}, 
  series = {Mathematical Logic and Foundations}, 
  volume = {55}, 
  url = {http://www.collegepublications.co.uk/logic/mlf/?00023},
  isbn = {978-1-84890-166-7}, 
} 

@inproceedings{B16,
  author    = {Stefan Hetzl and
               Alexander Leitsch and
               Daniel Weller and
               Bruno Woltzenlogel Paleo},
  title     = {Herbrand Sequent Extraction},
  booktitle = {Intelligent Computer Mathematics, 9th International Conference, {AISC}
               2008, 15th Symposium, Calculemus 2008, 7th International Conference,
               {MKM} 2008, Birmingham, UK, July 28 - August 1, 2008. Proceedings},
  year      = {2008},
  pages     = {462--477},
  crossref  = {DBLP:conf/aisc/2008},
  url       = {http://dx.doi.org/10.1007/978-3-540-85110-3_38},
  doi       = {10.1007/978-3-540-85110-3_38},
  timestamp = {Tue, 14 Oct 2014 10:01:19 +0200},
  biburl    = {http://dblp.uni-trier.de/rec/bib/conf/aisc/HetzlLWP08},
  keywords  = {DBLP,Bruno},
  bibsource = {dblp computer science bibliography, http://dblp.org}
}

@inproceedings{DBLP:journals/corr/LibalRR14,
  author    = {Tomer Libal and
               Martin Riener and
               Mikheil Rukhaia},
  title     = {Advanced Proof Viewing in ProofTool},
  booktitle = {Proceedings Eleventh Workshop on User Interfaces for Theorem Provers,
               {UITP} 2014, Vienna, Austria, 17th July 2014.},
  pages     = {35--47},
  year      = {2014},
  crossref  = {DBLP:journals/corr/BenzmullerP14},
  url       = {http://dx.doi.org/10.4204/EPTCS.167.6},
  doi       = {10.4204/EPTCS.167.6},
  timestamp = {Mon, 03 Nov 2014 16:48:07 +0100},
  biburl    = {http://dblp.uni-trier.de/rec/bib/journals/corr/LibalRR14},
  bibsource = {dblp computer science bibliography, http://dblp.org}
}

@book{DBLP:books/daglib/0036008,
  author    = {Dale Miller and
               Gopalan Nadathur},
  title     = {Programming with Higher-Order Logic},
  publisher = {Cambridge University Press},
  year      = {2012},
  url       = {http://www.cambridge.org/de/academic/subjects/computer-science/programming-languages-and-applied-logic/programming-higher-order-logic?format=HB},
  isbn      = {978-0-521-87940-8},
  timestamp = {Wed, 28 Oct 2015 13:13:36 +0100},
  biburl    = {http://dblp.uni-trier.de/rec/bib/books/daglib/0036008},
  bibsource = {dblp computer science bibliography, http://dblp.org}
}

@inproceedings{DBLP:conf/lfcs/Paleo13,
  author    = {Bruno Woltzenlogel Paleo},
  title     = {Contextual Natural Deduction},
  booktitle = {Logical Foundations of Computer Science, International Symposium,
               {LFCS} 2013, San Diego, CA, USA, January 6-8, 2013. Proceedings},
  pages     = {372--386},
  year      = {2013},
  crossref  = {DBLP:conf/lfcs/2013},
  url       = {http://dx.doi.org/10.1007/978-3-642-35722-0_27},
  doi       = {10.1007/978-3-642-35722-0_27},
  timestamp = {Fri, 25 Jan 2013 17:38:22 +0100},
  biburl    = {http://dblp.uni-trier.de/rec/bib/conf/lfcs/Paleo13},
  bibsource = {dblp computer science bibliography, http://dblp.org}
}

@inproceedings{DBLP:conf/ershov/Paleo15,
  author    = {Bruno Woltzenlogel Paleo},
  title     = {Implementation and Evaluation of Contextual Natural Deduction for
               Minimal Logic},
  booktitle = {Perspectives of System Informatics - 10th International Andrei Ershov
               Informatics Conference, {PSI} 2015, in Memory of Helmut Veith, Kazan
               and Innopolis, Russia, August 24-27, 2015, Revised Selected Papers},
  pages     = {314--324},
  year      = {2015},
  crossref  = {DBLP:conf/ershov/2015},
  url       = {http://dx.doi.org/10.1007/978-3-319-41579-6_24},
  doi       = {10.1007/978-3-319-41579-6_24},
  timestamp = {Tue, 28 Jun 2016 13:52:34 +0200},
  biburl    = {http://dblp.uni-trier.de/rec/bib/conf/ershov/Paleo15},
  bibsource = {dblp computer science bibliography, http://dblp.org}
}

@inproceedings{DBLP:conf/hvc/RolliniBS10,
  author    = {Simone Rollini and
               Roberto Bruttomesso and
               Natasha Sharygina},
  title     = {An Efficient and Flexible Approach to Resolution Proof Reduction},
  booktitle = {Hardware and Software: Verification and Testing - 6th International
               Haifa Verification Conference, {HVC} 2010, Haifa, Israel, October
               4-7, 2010. Revised Selected Papers},
  pages     = {182--196},
  year      = {2010},
  crossref  = {DBLP:conf/hvc/2010},
  url       = {http://dx.doi.org/10.1007/978-3-642-19583-9_17},
  doi       = {10.1007/978-3-642-19583-9_17},
  timestamp = {Tue, 03 May 2011 16:26:46 +0200},
  biburl    = {http://dblp.uni-trier.de/rec/bib/conf/hvc/RolliniBS10},
  bibsource = {dblp computer science bibliography, http://dblp.org}
}

@inproceedings{DBLP:conf/cade/DunchevLLWP10,
  author    = {Tsvetan Dunchev and
               Alexander Leitsch and
               Tomer Libal and
               Daniel Weller and
               Bruno Woltzenlogel Paleo},
  title     = {System Description: The Proof Transformation System {CERES}},
  booktitle = {Automated Reasoning, 5th International Joint Conference, {IJCAR} 2010,
               Edinburgh, UK, July 16-19, 2010. Proceedings},
  pages     = {427--433},
  year      = {2010},
  crossref  = {DBLP:conf/cade/2010},
  url       = {http://dx.doi.org/10.1007/978-3-642-14203-1_36},
  doi       = {10.1007/978-3-642-14203-1_36},
  timestamp = {Tue, 25 Jan 2011 17:13:32 +0100},
  biburl    = {http://dblp.uni-trier.de/rec/bib/conf/cade/DunchevLLWP10},
  bibsource = {dblp computer science bibliography, http://dblp.org}
}

@comment{jabref-meta: groupsversion:3;}

@comment{jabref-meta: groupstree:
0 AllEntriesGroup:;
1 ExplicitGroup:Pebbling\;0\;Ben-Sasson2002\;Ben-Sasson2009\;Chan2013\
;EmdeBoas1979\;Esteban2001\;Gilbert1980\;Hertel2007\;Heule2013\;Hopcro
ft1977\;Kasai1979\;Konev2014\;Nordstroem2009\;Nordstroem2013\;Pippenge
r1980\;Pippenger1982\;Sethi1975\;Walker1973\;bdrup\;drup\;tracecheck\;
;
1 ExplicitGroup:General\;0\;APPA\;Baader1998\;Barendregt1997\;Bellman1
956\;Biere2008\;Biere2009\;Bouton2009\;Cherkassky1996\;Church1936\;Cor
men1989\;Curry1958\;Dijkstra1959\;Ford1956\;Hofferek2013\;Leitsch1997\
;McMill2005\;Nieuwenhuis2001\;Robinson1965\;Robinson1969\;Schoenfinkel
1924\;Thorup1999\;;
1 ExplicitGroup:Proof compression\;0\;Bar-Ilan2008\;Bloem\;Boudou2013\
;Boudou2014\;Cotton2010\;Fontaine2011\;Hetzl2012\;Wetzler\;;
1 ExplicitGroup:Congruence\;0\;Bachmair2000\;Downey1980\;Fontaine2004\
;Nelson1980\;Nieuwenhuis2005\;Nieuwenhuis2007\;Shostak1978\;Tiwari\;;
1 ExplicitGroup:Proof complexity\;0\;Arora2009\;Beame1998a\;Boudou2014
\;Bruscoli2009\;Cook1979\;Robinson1965\;Wetzler2014\;;
}

